@preamble{ "\providecommand\noopsort[1]{}" }

@article{граничин2010рандомизация,
  title={\noopsort{1}Рандомизация получения данных и $\ell_1$-оптимизация (опознание со сжатием)},
  author={\noopsort{1}Граничин, Олег Николаевич and Павленко, Дмитрий Валентинович},
  journal={Автоматика и телемеханика},
  number={11},
  pages={3--28},
  year={2010},
  publisher={Российская академия наук, Отделение энергетики, машиностроения, механики и процессов управления}
}

@book{граничин2003рандомизированные,
  title={\noopsort{1}Рандомизированные алгоритмы оценивания и оптимизации при почти произвольных помехах},
  author={\noopsort{1}Граничин, ОН and Поляк, БТ},
  year={2003},
  publisher={Наука М.}
}


@inproceedings{hormati2010robust,
  title={\noopsort{2}Robust ultrasound travel-time tomography using the bent ray model},
  author={\noopsort{2}Hormati, Ali and Jovanovic, Ivana and Roy, Olivier and Vetterli, Martin},
  booktitle={Proc. SPIE},
  volume={7629},
  pages={76290I},
  year={2010}
}

@article{lustig2007sparse,
  title={\noopsort{2}Sparse MRI: The application of compressed sensing for rapid MR imaging},
  author={\noopsort{2}Lustig, Michael and Donoho, David and Pauly, John M},
  journal={Magnetic resonance in medicine},
  volume={58},
  number={6},
  pages={1182--1195},
  year={2007},
  publisher={Wiley Online Library}
}

@article{lustig2008compressed,
  title={\noopsort{2}Compressed sensing MRI},
  author={\noopsort{2}Lustig, Michael and Donoho, David L and Santos, Juan M and Pauly, John M},
  journal={Signal Processing Magazine, IEEE},
  volume={25},
  number={2},
  pages={72--82},
  year={2008},
  publisher={IEEE}
}

@inproceedings{quan2007sound,
  title={\noopsort{2}Sound-speed tomography using first-arrival transmission ultrasound for a ring array},
  author={\noopsort{2}Quan, Youli and Huang, Lianjie},
  booktitle={Medical Imaging},
  pages={651306--651306},
  year={2007},
  organization={International Society for Optics and Photonics}
}

@article{schreiman1984ultrasound,
  title={\noopsort{2}Ultrasound transmission computed tomography of the breast.},
  author={\noopsort{2}Schreiman, JS and Gisvold, JJ and Greenleaf, James F and Bahn, RC},
  journal={Radiology},
  volume={150},
  number={2},
  pages={523--530},
  year={1984}
}

@article{Kunyansky2012111,
    title ="\noopsort{2}Fast reconstruction algorithms for the thermoacoustic tomography in certain domains with cylindrical or spherical symmetries",
    journal ="Inverse Problems and Imaging",
    volume ="6",
    number ="1",
    pages ="111-131",
    year ="2012",
    issn ="1930-8337",
    doi ="10.3934/ipi.2012.6.111",
    author ="\noopsort{2}Leonid  Kunyansky",
}

@article{shannon_th,
  title={\noopsort{2}Communication in the presence of noise},
  author={\noopsort{2}Shannon, Claude E},
  journal={Proceedings of the IRE},
  volume={37},
  number={1},
  pages={10--21},
  year={1949},
  publisher={IEEE}
}

@inproceedings{cs_us,
  title={\noopsort{2}3D compressed sensing ultrasound imaging},
  author={\noopsort{2}Quinsac, C{\'e}line and Basarab, Adrian and Gregoire, JM and Kouame, D},
  booktitle={Proc. IEEE Int. Ultrason. Symp.(IUS), San Diego, USA},
  year={2010}
}

@incollection{hopp2014breast,
  title={\noopsort{2}Breast imaging with 3D ultrasound computer tomography: results of a first in-vivo study in comparison to MRI images},
  author={\noopsort{2}Hopp, Torsten and {\v{S}}roba, Lukas and Zapf, Michael and Dapp, Robin and Kretzek, Ernst and Gemmeke, Hartmut and Ruiter, Nicole V},
  booktitle={Breast Imaging},
  pages={72--79},
  year={2014},
  publisher={Springer}
}

@article{li2009improved,
  title={\noopsort{2}An improved automatic time-of-flight picker for medical ultrasound tomography},
  author={\noopsort{2}Li, Cuiping and Huang, Lianjie and Duric, Nebojsa and Zhang, Haijiang and Rowe, Charlotte},
  journal={Ultrasonics},
  volume={49},
  number={1},
  pages={61--72},
  year={2009},
  publisher={Elsevier}
}

@inproceedings{chen2012compressive,
  title={\noopsort{2}Compressive sensing MRI with wavelet tree sparsity},
  author={\noopsort{2}Chen, Chen and Huang, Junzhou},
  booktitle={Advances in neural information processing systems},
  pages={1115--1123},
  year={2012}
}

@article{granichin2004linear,
  title={\noopsort{2}Linear regression and filtering under nonstandard assumptions (Arbitrary noise)},
  author={\noopsort{2}Granichin, Oleg},
  journal={Automatic Control, IEEE Transactions on},
  volume={49},
  number={10},
  pages={1830--1837},
  year={2004},
  publisher={IEEE}
}

@article{donoho2006compressed,
  title={\noopsort{2}Compressed sensing},
  author={\noopsort{2}Donoho, David L},
  journal={Information Theory, IEEE Transactions on},
  volume={52},
  number={4},
  pages={1289--1306},
  year={2006},
  publisher={IEEE}
}

@article{candes2007sparsity,
  title={\noopsort{2}Sparsity and incoherence in compressive sampling},
  author={\noopsort{2}Candes, Emmanuel and Romberg, Justin},
  journal={Inverse problems},
  volume={23},
  number={3},
  pages={969},
  year={2007},
  publisher={IOP Publishing}
}

@article{cande2008introduction,
  title={\noopsort{2}An introduction to compressive sampling},
  author={\noopsort{2}Cand{\`e}, Emmanuel J and Wakin, Michael B},
  journal={Signal Processing Magazine, IEEE},
  volume={25},
  number={2},
  pages={21--30},
  year={2008},
  publisher={IEEE}
}

@article{candes2006robust,
  title={\noopsort{2}Robust uncertainty principles: Exact signal reconstruction from highly incomplete frequency information},
  author={\noopsort{2}Cand{\`e}s, Emmanuel J and Romberg, Justin and Tao, Terence},
  journal={Information Theory, IEEE Transactions on},
  volume={52},
  number={2},
  pages={489--509},
  year={2006},
  publisher={IEEE}
}

@article{natarajan1995sparse,
  title={\noopsort{2}Sparse approximate solutions to linear systems},
  author={\noopsort{2}Natarajan, Balas Kausik},
  journal={SIAM journal on computing},
  volume={24},
  number={2},
  pages={227--234},
  year={1995},
  publisher={SIAM}
}

@article{mallat1993matching,
  title={\noopsort{2}Matching pursuits with time-frequency dictionaries},
  author={\noopsort{2}Mallat, St{\'e}phane G and Zhang, Zhifeng},
  journal={Signal Processing, IEEE Transactions on},
  volume={41},
  number={12},
  pages={3397--3415},
  year={1993},
  publisher={IEEE}
}

@article{donoho2006most,
  title={\noopsort{2}For most large underdetermined systems of linear equations the minimal L1-norm solution is also the sparsest solution},
  author={\noopsort{2}Donoho, David L},
  journal={Communications on pure and applied mathematics},
  volume={59},
  number={6},
  pages={797--829},
  year={2006},
  publisher={Wiley Online Library}
}

@article{chen2001atomic,
  title={\noopsort{2}Atomic decomposition by basis pursuit},
  author={\noopsort{2}Chen, Scott Shaobing and Donoho, David L and Saunders, Michael A},
  journal={SIAM review},
  volume={43},
  number={1},
  pages={129--159},
  year={2001},
  publisher={SIAM}
}

@inproceedings{berinde2008practical,
  title={\noopsort{2}Practical near-optimal sparse recovery in the l1 norm},
  author={\noopsort{2}Berinde, Radu and Indyk, Piotr and Ru{\v{z}}i{\'c}, M},
  booktitle={Communication, Control, and Computing, 2008 46th Annual Allerton Conference on},
  pages={198--205},
  year={2008},
  organization={IEEE}
}


@book{schuster1904introduction,
  title={\noopsort{2}An introduction to the theory of optics},
  author={\noopsort{2}Schuster, Arthur},
  year={1904},
  publisher={E. Arnold}
}

@article{dines1979computerized,
  title={\noopsort{2}Computerized geophysical tomography},
  author={\noopsort{2}Dines, Kris A and Lytle, R Jeffrey},
  journal={Proceedings of the IEEE},
  volume={67},
  number={7},
  pages={1065--1073},
  year={1979},
  publisher={IEEE}
}

@article{duric2007detection,
  title={\noopsort{2}Detection of breast cancer with ultrasound tomography: First results with the Computed Ultrasound Risk Evaluation (CURE) prototype},
  author={\noopsort{2}Duric, Nebojsa and Littrup, Peter and Poulo, Lou and Babkin, Alex and Pevzner, Roman and Holsapple, Earle and Rama, Olsi and Glide, Carri},
  journal={Medical physics},
  volume={34},
  number={2},
  pages={773--785},
  year={2007},
  publisher={American Association of Physicists in Medicine}
}

@inproceedings{roy2013breast,
  title={\noopsort{2}Breast imaging using ultrasound tomography: From clinical requirements to system design},
  author={\noopsort{2}Roy, Olivier and Schmidt, Signe and Li, Cuiping and Allada, Veerendra and West, Erik and Kunz, Daniel and Duric, Neb},
  booktitle={Ultrasonics Symposium (IUS), 2013 IEEE International},
  pages={1174--1177},
  year={2013},
  language = {english},
  organization={IEEE}
}

@inproceedings{quinsac2010compressed,
  title={\noopsort{2}Compressed sensing of ultrasound images: sampling of spatial and frequency domains},
  author={\noopsort{2}Quinsac, C{\'e}line and Basarab, Adrian and Girault, Jean-Marc and Kouam{\'e}, Denis},
  booktitle={Signal Processing Systems (SIPS), 2010 IEEE Workshop on},
  pages={231--236},
  year={2010},
  organization={IEEE}
}

@book{ozmen2014ultrasound,
  title={\noopsort{2}Ultrasound Imaging Methods for Breast Cancer Detection},
  author={\noopsort{2}Ozmen, N},
  year={2014},
  publisher={TU Delft, Delft University of Technology}
}

@article{treeby2010k,
  title={\noopsort{2}k-Wave: MATLAB toolbox for the simulation and reconstruction of photoacoustic wave fields},
  author={\noopsort{2}Treeby, Bradley E and Cox, Benjamin T},
  journal={Journal of biomedical optics},
  volume={15},
  number={2},
  pages={021314--021314},
  year={2010},
  publisher={International Society for Optics and Photonics}
}

@article{baraniuk2008simple,
  title={\noopsort{2}A simple proof of the restricted isometry property for random matrices},
  author={\noopsort{2}Baraniuk, Richard and Davenport, Mark and DeVore, Ronald and Wakin, Michael},
  journal={Constructive Approximation},
  volume={28},
  number={3},
  pages={253--263},
  year={2008},
  publisher={Springer}
}
